<?xml version="1.0" encoding="UTF-8" standalone="yes"?><Document xmlns="urn:iso:std:iso:20022:tech:xsd:camt.054.001.08"><BkToCstmrDbtCdtNtfctn><GrpHdr><MsgId>E00000003DF9E7DD-00001</MsgId><CreDtTm>2026-04-10T05:16:01.781+02:00</CreDtTm><MsgPgntn><PgNb>1</PgNb><LastPgInd>true</LastPgInd></MsgPgntn><AddtlInf>SPS/2.2/PROD</AddtlInf></GrpHdr><Ntfctn><Id>1038171246</Id><CreDtTm>2026-04-10T05:16:01.781+02:00</CreDtTm><RptgSrc><Prtry>C53F</Prtry></RptgSrc><Acct><Id><IBAN>CH7600700114803673983</IBAN></Id><Tp><Cd>TRAN</Cd></Tp><Ccy>CHF</Ccy><Nm>Firmenkonto</Nm><Ownr><Nm>CONSULTEC Heiniger</Nm><PstlAdr><StrtNm>Poststr.</StrtNm><BldgNb>3</BldgNb><PstCd>8406</PstCd><TwnNm>Winterthur</TwnNm><Ctry>CH</Ctry></PstlAdr></Ownr><Svcr><FinInstnId><BICFI>ZKBKCHZZ80A</BICFI><ClrSysMmbId><ClrSysId><Cd>CHBCC</Cd></ClrSysId><MmbId>700</MmbId></ClrSysMmbId><Othr><Id>CHE-108.954.607</Id><Issr>VAT-ID</Issr></Othr></FinInstnId></Svcr></Acct><Ntry><NtryRef>CH9830700114803673983</NtryRef><Amt Ccy="CHF">146</Amt><CdtDbtInd>CRDT</CdtDbtInd><RvslInd>false</RvslInd><Sts><Cd>BOOK</Cd></Sts><BookgDt><DtTm>2026-04-10T05:02:11.226983+02:00</DtTm></BookgDt><ValDt><Dt>2026-04-10</Dt></ValDt><AcctSvcrRef>L11C9111A2K4K1X9</AcctSvcrRef><BkTxCd><Domn><Cd>PMNT</Cd><Fmly><Cd>RCDT</Cd><SubFmlyCd>VCOM</SubFmlyCd></Fmly></Domn></BkTxCd><NtryDtls><Btch><PmtInfId>CH9830700114803673983</PmtInfId><NbOfTxs>1</NbOfTxs><TtlAmt Ccy="CHF">146</TtlAmt></Btch><TxDtls><Refs><AcctSvcrRef>BA2604095F9F2BAE</AcctSvcrRef><PmtInfId>CH9830700114803673983</PmtInfId><EndToEndId>ENDTOENDID-19670</EndToEndId></Refs><Amt Ccy="CHF">146</Amt><CdtDbtInd>CRDT</CdtDbtInd><BkTxCd><Domn><Cd>PMNT</Cd><Fmly><Cd>RCDT</Cd><SubFmlyCd>DMCT</SubFmlyCd></Fmly></Domn></BkTxCd><RltdPties><Dbtr><Pty><Nm>Heiniger-Leemann Beat oder Regula</Nm><PstlAdr><StrtNm>Eichwaldstr.</StrtNm><BldgNb>37</BldgNb><PstCd>8450</PstCd><TwnNm>Andelfingen</TwnNm><Ctry>CH</Ctry></PstlAdr></Pty></Dbtr></RltdPties><RltdAgts><CdtrAgt><FinInstnId><ClrSysMmbId><ClrSysId><Cd>CHBCC</Cd></ClrSysId><MmbId>700</MmbId></ClrSysMmbId><PstlAdr><AdrLine>Zürcher Kantonalbank</AdrLine><AdrLine>Postfach</AdrLine><AdrLine>8010 Zürich</AdrLine></PstlAdr></FinInstnId></CdtrAgt></RltdAgts><RmtInf><Strd><CdtrRefInf><Tp><CdOrPrtry><Prtry>QRR</Prtry></CdOrPrtry></Tp><Ref>000000012604090100692604020</Ref></CdtrRefInf></Strd></RmtInf><RltdDts><TxDtTm>2026-04-10T05:02:11.226983+02:00</TxDtTm></RltdDts></TxDtls></NtryDtls><AddtlNtryInf>Gutschrift QRR: 00 00000 12604 09010 06926 0402</AddtlNtryInf></Ntry></Ntfctn></BkToCstmrDbtCdtNtfctn></Document>