<?xml version="1.0" encoding="UTF-8" standalone="yes"?><Document xmlns="urn:iso:std:iso:20022:tech:xsd:camt.054.001.04"><BkToCstmrDbtCdtNtfctn><GrpHdr><MsgId>E00000003DDC5AE8-00001</MsgId><CreDtTm>2026-04-07T05:26:09.773+02:00</CreDtTm><MsgPgntn><PgNb>1</PgNb><LastPgInd>true</LastPgInd></MsgPgntn><AddtlInf>SPS/1.7/PROD</AddtlInf></GrpHdr><Ntfctn><Id>1036234618</Id><CreDtTm>2026-04-07T05:26:09.773+02:00</CreDtTm><RptgSrc><Prtry>C53F</Prtry></RptgSrc><Acct><Id><IBAN>CH7600700114803673983</IBAN></Id><Ownr><Nm>CONSULTEC Heiniger</Nm><PstlAdr><StrtNm>Poststr.</StrtNm><BldgNb>3</BldgNb><PstCd>8406</PstCd><TwnNm>Winterthur</TwnNm><Ctry>CH</Ctry></PstlAdr></Ownr><Svcr><FinInstnId><BICFI>ZKBKCHZZ80A</BICFI><Othr><Id>CHE-108.954.607</Id><Issr>VAT-ID</Issr></Othr></FinInstnId></Svcr></Acct><Ntry><NtryRef>CH9830700114803673983</NtryRef><Amt Ccy="CHF">432.4</Amt><CdtDbtInd>CRDT</CdtDbtInd><RvslInd>false</RvslInd><Sts>BOOK</Sts><BookgDt><Dt>2026-04-07</Dt></BookgDt><ValDt><Dt>2026-04-07</Dt></ValDt><AcctSvcrRef>L11C9111A2ADLXNS</AcctSvcrRef><BkTxCd><Domn><Cd>PMNT</Cd><Fmly><Cd>RCDT</Cd><SubFmlyCd>VCOM</SubFmlyCd></Fmly></Domn></BkTxCd><Chrgs/><NtryDtls><Btch><PmtInfId>CH9830700114803673983</PmtInfId><NbOfTxs>1</NbOfTxs><TtlAmt Ccy="CHF">432.4</TtlAmt></Btch><TxDtls><Refs><AcctSvcrRef>GS26040766024092</AcctSvcrRef><PmtInfId>CH9830700114803673983</PmtInfId><EndToEndId>ENDTOENDID-17137</EndToEndId></Refs><Amt Ccy="CHF">432.4</Amt><CdtDbtInd>CRDT</CdtDbtInd><BkTxCd><Domn><Cd>PMNT</Cd><Fmly><Cd>RCDT</Cd><SubFmlyCd>DMCT</SubFmlyCd></Fmly></Domn></BkTxCd><RltdPties><Dbtr><Nm>Dorfgarage Fiorentino GmbH</Nm><PstlAdr><AdrLine>Hauptstrasse 3</AdrLine><AdrLine>CH-8543 Gundetswil</AdrLine></PstlAdr></Dbtr></RltdPties><RltdAgts><CdtrAgt><FinInstnId><BICFI>ZKBKCHZZ80A</BICFI></FinInstnId></CdtrAgt></RltdAgts><RmtInf><Strd><CdtrRefInf><Tp><CdOrPrtry><Prtry>QRR</Prtry></CdOrPrtry></Tp><Ref>000000012603940024762603114</Ref></CdtrRefInf></Strd></RmtInf></TxDtls></NtryDtls><AddtlNtryInf>Gutschrift QRR: 00 00000 12603 94002 47626 0311</AddtlNtryInf></Ntry></Ntfctn></BkToCstmrDbtCdtNtfctn></Document>